@Manual{R-ape,
  title = {ape: Analyses of Phylogenetics and Evolution},
  author = {Emmanuel Paradis and Simon Blomberg and Ben Bolker and Joseph Brown and Santiago Claramunt and Julien Claude and Hoa Sien Cuong and Richard Desper and Gilles Didier and Benoit Durand and Julien Dutheil and RJ Ewing and Olivier Gascuel and Thomas Guillerme and Christoph Heibl and Anthony Ives and Bradley Jones and Franz Krah and Daniel Lawson and Vincent Lefort and Pierre Legendre and Jim Lemon and Guillaume Louvel and Eric Marcon and Rosemary McCloskey and Johan Nylander and Rainer Opgen-Rhein and Andrei-Alin Popescu and Manuela Royer-Carenzi and Klaus Schliep and Korbinian Strimmer and Damien {de Vienne}},
  year = {2021},
  note = {R package version 5.5},
  url = {http://ape-package.ird.fr/},
}

@Manual{R-base,
  title = {R: A Language and Environment for Statistical Computing},
  author = {{R Core Team}},
  organization = {R Foundation for Statistical Computing},
  address = {Vienna, Austria},
  year = {2021},
  url = {https://www.R-project.org/},
}

@Manual{R-BEST,
  title = {BEST: Bayesian Estimation Supersedes the t-Test},
  author = {John K. Kruschke and Mike Meredith},
  year = {2021},
  note = {R package version 0.5.3},
  url = {https://CRAN.R-project.org/package=BEST},
}

@Manual{R-bookdown,
  title = {bookdown: Authoring Books and Technical Documents with R Markdown},
  author = {Yihui Xie},
  year = {2021},
  note = {R package version 0.24},
  url = {https://CRAN.R-project.org/package=bookdown},
}

@Manual{R-brinla,
  title = {brinla: Bayesian Regression with INLA},
  author = {Julian Faraway and Ryan Yue and Xiaofeng Wang},
  year = {2021},
  note = {R package version 0.1.0},
  url = {http://github.com/julianfaraway/brinla},
}

@Manual{R-car,
  title = {car: Companion to Applied Regression},
  author = {John Fox and Sanford Weisberg and Brad Price},
  year = {2020},
  note = {R package version 3.0-10},
  url = {https://CRAN.R-project.org/package=car},
}

@Manual{R-carData,
  title = {carData: Companion to Applied Regression Data Sets},
  author = {John Fox and Sanford Weisberg and Brad Price},
  year = {2020},
  note = {R package version 3.0-4},
  url = {https://CRAN.R-project.org/package=carData},
}

@Manual{R-devtools,
  title = {devtools: Tools to Make Developing R Packages Easier},
  author = {Hadley Wickham and Jim Hester and Winston Chang},
  year = {2021},
  note = {R package version 2.4.2},
  url = {https://CRAN.R-project.org/package=devtools},
}

@Manual{R-dplyr,
  title = {dplyr: A Grammar of Data Manipulation},
  author = {Hadley Wickham and Romain François and Lionel Henry and Kirill Müller},
  year = {2021},
  note = {R package version 1.0.6},
  url = {https://CRAN.R-project.org/package=dplyr},
}

@Manual{R-forcats,
  title = {forcats: Tools for Working with Categorical Variables (Factors)},
  author = {Hadley Wickham},
  year = {2021},
  note = {R package version 0.5.1},
  url = {https://CRAN.R-project.org/package=forcats},
}

@Manual{R-foreach,
  title = {foreach: Provides Foreach Looping Construct},
  author = {{Revolution Analytics} and Steve Weston}},
  year = {2020},
  note = {R package version 1.5.1},
  url = {https://github.com/RevolutionAnalytics/foreach},
}

@Manual{R-geiger,
  title = {geiger: Analysis of Evolutionary Diversification},
  author = {Luke Harmon and Matthew Pennell and Chad Brock and Joseph Brown and Wendell Challenger and Jon Eastman and Rich FitzJohn and Rich Glor and Gene Hunt and Liam Revell and Graham Slater and Josef Uyeda and Jason Weir},
  year = {2020},
  note = {R package version 2.0.7},
  url = {https://github.com/mwpennell/geiger-v2},
}

@Manual{R-GGally,
  title = {GGally: Extension to ggplot2},
  author = {Barret Schloerke and Di Cook and Joseph Larmarange and Francois Briatte and Moritz Marbach and Edwin Thoen and Amos Elberg and Jason Crowley},
  year = {2021},
  note = {R package version 2.1.2},
  url = {https://CRAN.R-project.org/package=GGally},
}

@Manual{R-ggplot2,
  title = {ggplot2: Create Elegant Data Visualisations Using the Grammar of Graphics},
  author = {Hadley Wickham and Winston Chang and Lionel Henry and Thomas Lin Pedersen and Kohske Takahashi and Claus Wilke and Kara Woo and Hiroaki Yutani and Dewey Dunnington},
  year = {2021},
  note = {R package version 3.3.5},
  url = {https://CRAN.R-project.org/package=ggplot2},
}

@Manual{R-ggpubr,
  title = {ggpubr: ggplot2 Based Publication Ready Plots},
  author = {Alboukadel Kassambara},
  year = {2020},
  note = {R package version 0.4.0},
  url = {https://rpkgs.datanovia.com/ggpubr/},
}

@Manual{R-gridExtra,
  title = {gridExtra: Miscellaneous Functions for "Grid" Graphics},
  author = {Baptiste Auguie},
  year = {2017},
  note = {R package version 2.3},
  url = {https://CRAN.R-project.org/package=gridExtra},
}

@Manual{R-INLA,
  title = {INLA: Full Bayesian Analysis of Latent Gaussian Models using
Integrated Nested Laplace Approximations},
  author = {Havard Rue and Finn Lindgren and Daniel Simpson and Sara Martino and Elias {Teixeira Krainski} and Haakon Bakka and Andrea Riebler and Geir-Arne Fuglstad},
  year = {2021},
  note = {R package version 21.02.23},
}

@Manual{R-inlatools,
  title = {inlatools: Diagnostic Tools for INLA Models},
  author = {Thierry Onkelinx},
  year = {2021},
  note = {R package version 0.0.1.9001},
  url = {https://github.com/inbo/inlatools},
}

@Manual{R-kableExtra,
  title = {kableExtra: Construct Complex Table with kable and Pipe Syntax},
  author = {Hao Zhu},
  year = {2021},
  note = {R package version 1.3.4},
  url = {https://CRAN.R-project.org/package=kableExtra},
}

@Manual{R-knitr,
  title = {knitr: A General-Purpose Package for Dynamic Report Generation in R},
  author = {Yihui Xie},
  year = {2021},
  note = {R package version 1.34},
  url = {https://yihui.org/knitr/},
}

@Manual{R-lattice,
  title = {lattice: Trellis Graphics for R},
  author = {Deepayan Sarkar},
  year = {2021},
  note = {R package version 0.20-44},
  url = {http://lattice.r-forge.r-project.org/},
}

@Manual{R-lme4,
  title = {lme4: Linear Mixed-Effects Models using Eigen and S4},
  author = {Douglas Bates and Martin Maechler and Ben Bolker and Steven Walker},
  year = {2021},
  note = {R package version 1.1-27},
  url = {https://github.com/lme4/lme4/},
}

@Manual{R-magrittr,
  title = {magrittr: A Forward-Pipe Operator for R},
  author = {Stefan Milton Bache and Hadley Wickham},
  year = {2020},
  note = {R package version 2.0.1},
  url = {https://CRAN.R-project.org/package=magrittr},
}

@Manual{R-Matrix,
  title = {Matrix: Sparse and Dense Matrix Classes and Methods},
  author = {Douglas Bates and Martin Maechler},
  year = {2021},
  note = {R package version 1.3-4},
  url = {http://Matrix.R-forge.R-project.org/},
}

@Manual{R-mgcv,
  title = {mgcv: Mixed GAM Computation Vehicle with Automatic Smoothness
Estimation},
  author = {Simon Wood},
  year = {2021},
  note = {R package version 1.8-36},
  url = {https://CRAN.R-project.org/package=mgcv},
}

@Manual{R-nlme,
  title = {nlme: Linear and Nonlinear Mixed Effects Models},
  author = {José Pinheiro and Douglas Bates and {R-core}},
  year = {2021},
  note = {R package version 3.1-152},
  url = {https://svn.r-project.org/R-packages/trunk/nlme/},
}

@Manual{R-plyr,
  title = {plyr: Tools for Splitting, Applying and Combining Data},
  author = {Hadley Wickham},
  year = {2020},
  note = {R package version 1.8.6},
  url = {https://CRAN.R-project.org/package=plyr},
}

@Manual{R-psych,
  title = {psych: Procedures for Psychological, Psychometric, and Personality
Research},
  author = {William Revelle},
  year = {2021},
  note = {R package version 2.1.9},
  url = {https://personality-project.org/r/psych/
https://personality-project.org/r/psych-manual.pdf},
}

@Manual{R-purrr,
  title = {purrr: Functional Programming Tools},
  author = {Lionel Henry and Hadley Wickham},
  year = {2020},
  note = {R package version 0.3.4},
  url = {https://CRAN.R-project.org/package=purrr},
}

@Manual{R-qqplotr,
  title = {qqplotr: Quantile-Quantile Plot Extensions for ggplot2},
  author = {Alexandre Almeida and Adam Loy and Heike Hofmann},
  year = {2021},
  note = {R package version 0.0.5},
  url = {https://github.com/aloy/qqplotr},
}

@Manual{R-rcrossref,
  title = {rcrossref: Client for Various CrossRef 'APIs'},
  author = {Scott Chamberlain and Hao Zhu and Najko Jahn and Carl Boettiger and Karthik Ram},
  year = {2020},
  note = {R package version 1.1.0},
  url = {https://CRAN.R-project.org/package=rcrossref},
}

@Manual{R-readr,
  title = {readr: Read Rectangular Text Data},
  author = {Hadley Wickham and Jim Hester},
  year = {2020},
  note = {R package version 1.4.0},
  url = {https://CRAN.R-project.org/package=readr},
}

@Manual{R-rlang,
  title = {rlang: Functions for Base Types and Core R and Tidyverse Features},
  author = {Lionel Henry and Hadley Wickham},
  year = {2021},
  note = {R package version 0.4.11},
  url = {https://CRAN.R-project.org/package=rlang},
}

@Manual{R-rmarkdown,
  title = {rmarkdown: Dynamic Documents for R},
  author = {JJ Allaire and Yihui Xie and Jonathan McPherson and Javier Luraschi and Kevin Ushey and Aron Atkins and Hadley Wickham and Joe Cheng and Winston Chang and Richard Iannone},
  year = {2021},
  note = {R package version 2.10},
  url = {https://CRAN.R-project.org/package=rmarkdown},
}

@Manual{R-sp,
  title = {sp: Classes and Methods for Spatial Data},
  author = {Edzer Pebesma and Roger Bivand},
  year = {2021},
  note = {R package version 1.4-5},
  url = {https://CRAN.R-project.org/package=sp},
}

@Manual{R-stringr,
  title = {stringr: Simple, Consistent Wrappers for Common String Operations},
  author = {Hadley Wickham},
  year = {2019},
  note = {R package version 1.4.0},
  url = {https://CRAN.R-project.org/package=stringr},
}

@Manual{R-tibble,
  title = {tibble: Simple Data Frames},
  author = {Kirill Müller and Hadley Wickham},
  year = {2021},
  note = {R package version 3.1.2},
  url = {https://CRAN.R-project.org/package=tibble},
}

@Manual{R-tidyr,
  title = {tidyr: Tidy Messy Data},
  author = {Hadley Wickham},
  year = {2021},
  note = {R package version 1.1.3},
  url = {https://CRAN.R-project.org/package=tidyr},
}

@Manual{R-tidyverse,
  title = {tidyverse: Easily Install and Load the Tidyverse},
  author = {Hadley Wickham},
  year = {2021},
  note = {R package version 1.3.1},
  url = {https://CRAN.R-project.org/package=tidyverse},
}

@Manual{R-usethis,
  title = {usethis: Automate Package and Project Setup},
  author = {Hadley Wickham and Jennifer Bryan},
  year = {2021},
  note = {R package version 2.0.1},
  url = {https://CRAN.R-project.org/package=usethis},
}

@Article{ape2019,
  title = {ape 5.0: an environment for modern phylogenetics and evolutionary analyses in {R}},
  author = {E. Paradis and K. Schliep},
  journal = {Bioinformatics},
  year = {2019},
  volume = {35},
  pages = {526-528},
}

@Book{bookdown2016,
  title = {bookdown: Authoring Books and Technical Documents with {R} Markdown},
  author = {Yihui Xie},
  publisher = {Chapman and Hall/CRC},
  address = {Boca Raton, Florida},
  year = {2016},
  note = {ISBN 978-1138700109},
  url = {https://bookdown.org/yihui/bookdown},
}

@Book{car2019,
  title = {An {R} Companion to Applied Regression},
  edition = {Third},
  author = {John Fox and Sanford Weisberg},
  year = {2019},
  publisher = {Sage},
  address = {Thousand Oaks {CA}},
  url = {https://socialsciences.mcmaster.ca/jfox/Books/Companion/},
}

@Article{geiger2009,
  title = {Nine exceptional radiations plus high turnover explain species diversity in jawed vertebrates},
  author = {ME Alfaro and F Santini and C Brock and H Alamillo and A Dornburg and DL Rabosky and G Carnevale and LJ Harmon},
  journal = {Proceedings of the National Academy of Sciences of the United States of America},
  year = {2009},
  volume = {106},
  pages = {13410-13414},
}

@Article{geiger2011,
  title = {A novel comparative method for identifying shifts in the rate of character evolution on trees},
  author = {JM Eastman and ME Alfaro and P Joyce and AL Hipp and LJ Harmon},
  journal = {Evolution},
  year = {2011},
  volume = {65},
  pages = {3578-3589},
}

@Article{geiger2012,
  title = {Fitting models of continuous trait evolution to incompletely sampled comparative data using approximate Bayesian computation},
  author = {GJ Slater and LJ Harmon and D Wegmann and P Joyce and LJ Revell and ME Alfaro},
  journal = {Evolution},
  year = {2012},
  volume = {66},
  pages = {752-762},
}

@Article{geiger2008,
  title = {GEIGER: investigating evolutionary radiations},
  author = {LJ Harmon and JT Weir and CD Brock and RE Glor and W Challenger},
  journal = {Bioinformatics},
  year = {2008},
  volume = {24},
  pages = {129-131},
}

@Article{geiger2014,
  title = {geiger v2.0: an expanded suite of methods for fitting macroevolutionary models to phylogenetic trees},
  author = {MW Pennell and JM Eastman and GJ Slater and JW Brown and JC Uyeda and RG Fitzjohn and ME Alfaro and LJ Harmon},
  journal = {Bioinformatics},
  year = {2014},
  volume = {30},
  pages = {2216-2218},
}

@Book{ggplot22016,
  author = {Hadley Wickham},
  title = {ggplot2: Elegant Graphics for Data Analysis},
  publisher = {Springer-Verlag New York},
  year = {2016},
  isbn = {978-3-319-24277-4},
  url = {https://ggplot2.tidyverse.org},
}

@Article{INLA2009a,
  author = {H{\aa}vard Rue and Sara Martino and Nicholas Chopin},
  title = {Approximate {Bayesian} Inference for Latent {Gaussian} Models Using Integrated Nested {Laplace} Approximations (with discussion).},
  journal = {Journal of the Royal Statistical Society B},
  year = {2009},
  volume = {71},
  pages = {319--392},
}

@Article{INLA2013a,
  title = {Bayesian computing with {INLA}: {N}ew features.},
  author = {Thiago G. Martins and Daniel Simpson and Finn Lindgren and H{\aa}vard Rue},
  year = {2013},
  volume = {67},
  pages = {68--83},
  journal = {Computational Statistics and Data Analysis},
}

@Article{INLA2011a,
  title = {An Explicit Link between {Gaussian} Fields and {Gaussian} {Markov} Random Fields: The Stochastic Partial Differential Equation Approach (with discussion).},
  author = {Finn Lindgren and H{\aa}vard Rue and Johan Lindstr{\"o}m},
  year = {2011},
  volume = {73},
  number = {4},
  pages = {423--498},
  journal = {Journal of the Royal Statistical Society B},
}

@Article{INLA2015a,
  title = {Bayesian Spatial Modelling with {R}-{INLA}},
  author = {Finn Lindgren and H{\aa}vard Rue},
  journal = {Journal of Statistical Software},
  year = {2015},
  volume = {63},
  number = {19},
  pages = {1--25},
  url = {http://www.jstatsoft.org/v63/i19/},
}

@Article{INLA2017a,
  title = {Bayesian computing with {INLA}: {A} review},
  author = {H{\aa}vard Rue and Andrea I. Riebler and Sigrunn H. S{\o}rbye and Janine B. Illian and Daniel P. Simpson and Finn K. Lindgren},
  journal = {Annual Reviews of Statistics and Its Applications},
  year = {2017},
  volume = {4},
  number = {March},
  pages = {395--421},
  url = {http://arxiv.org/abs/1604.00860},
}

@Article{INLA2018a,
  title = {Spatial modelling with {INLA}: {A} review},
  author = {Haakon Bakka and H{\aa}vard Rue and Geir-Arne Fuglstad and Andrea I. Riebler and David Bolin and Janine Illian and Elias Krainski and Daniel P. Simpson and Finn K. Lindgren},
  journal = {WIRES (Invited extended review)},
  year = {2018},
  volume = {xx},
  number = {Feb},
  pages = {xx--xx},
  url = {http://arxiv.org/abs/1802.06350},
}

@Article{INLA2016a,
  title = {Needles: Toward Large-Scale Genomic Prediction with Marker-by-Environment Interaction},
  author = {Arne {De Coninck} and Bernard {De Baets} and Drosos Kourounis and Fabio Verbosio and Olaf Schenk and Steven Maenhout and Jan Fostier},
  volume = {203},
  number = {1},
  pages = {543--555},
  year = {2016},
  doi = {10.1534/genetics.115.179887},
  journal = {Genetics},
  url = {http://dx.doi.org/10.1534/genetics.115.179887},
  eprint = {http://www.genetics.org/content/203/1/543.full.pdf},
}

@Article{INLA2017b,
  title = {Enhancing the scalability of selected inversion factorization algorithms in genomic prediction},
  author = {Fabio Verbosio and Arne {De Coninck} and Drosos Kourounis and Olaf Schenk},
  journal = {Journal of Computational Science},
  volume = {22},
  number = {Supplement C},
  pages = {99-108},
  year = {2017},
  issn = {1877-7503},
  url = {https://doi.org/10.1016/j.jocs.2017.08.013},
}

@Article{INLA2018b,
  title = {Towards the Next Generation of Multiperiod Optimal Power Flow Solvers},
  author = {D. Kourounis and A. Fuchs and O. Schenk},
  journal = {IEEE Transactions on Power Systems},
  year = {2018},
  volume = {PP},
  number = {99},
  pages = {1-10},
  url = {https://doi.org/10.1109/TPWRS.2017.2789187},
}

@Book{knitr2015,
  title = {Dynamic Documents with {R} and knitr},
  author = {Yihui Xie},
  publisher = {Chapman and Hall/CRC},
  address = {Boca Raton, Florida},
  year = {2015},
  edition = {2nd},
  note = {ISBN 978-1498716963},
  url = {https://yihui.org/knitr/},
}

@InCollection{knitr2014,
  booktitle = {Implementing Reproducible Computational Research},
  editor = {Victoria Stodden and Friedrich Leisch and Roger D. Peng},
  title = {knitr: A Comprehensive Tool for Reproducible Research in {R}},
  author = {Yihui Xie},
  publisher = {Chapman and Hall/CRC},
  year = {2014},
  note = {ISBN 978-1466561595},
  url = {http://www.crcpress.com/product/isbn/9781466561595},
}

@Book{lattice2008,
  title = {Lattice: Multivariate Data Visualization with R},
  author = {Deepayan Sarkar},
  publisher = {Springer},
  address = {New York},
  year = {2008},
  note = {ISBN 978-0-387-75968-5},
  url = {http://lmdvr.r-forge.r-project.org},
}

@Article{lme42015,
  title = {Fitting Linear Mixed-Effects Models Using {lme4}},
  author = {Douglas Bates and Martin M{\"a}chler and Ben Bolker and Steve Walker},
  journal = {Journal of Statistical Software},
  year = {2015},
  volume = {67},
  number = {1},
  pages = {1--48},
  doi = {10.18637/jss.v067.i01},
}

@Article{mgcv2011,
  title = {Fast stable restricted maximum likelihood and marginal 
likelihood estimation of semiparametric generalized linear models},
  journal = {Journal of the Royal Statistical Society (B)},
  volume = {73},
  number = {1},
  pages = {3-36},
  year = {2011},
  author = {S. N. Wood},
}

@Article{mgcv2016,
  title = {Smoothing parameter and model selection for general smooth models (with discussion)},
  author = {S.N. Wood and {N.} and {Pya} and B. S{"a}fken},
  journal = {Journal of the American Statistical Association},
  year = {2016},
  pages = {1548-1575},
  volume = {111},
}

@Article{mgcv2004,
  title = {Stable and efficient multiple smoothing parameter estimation for 
         generalized additive models},
  journal = {Journal of the American Statistical Association},
  volume = {99},
  number = {467},
  pages = {673-686},
  year = {2004},
  author = {S. N. Wood},
}

@Book{mgcv2017,
  title = {Generalized Additive Models: An Introduction with R},
  year = {2017},
  author = {S.N Wood},
  edition = {2},
  publisher = {Chapman and Hall/CRC},
}

@Article{mgcv2003,
  title = {Thin-plate regression splines},
  journal = {Journal of the Royal Statistical Society (B)},
  volume = {65},
  number = {1},
  pages = {95-114},
  year = {2003},
  author = {S. N. Wood},
}

@Article{plyr2011,
  title = {The Split-Apply-Combine Strategy for Data Analysis},
  author = {Hadley Wickham},
  journal = {Journal of Statistical Software},
  year = {2011},
  volume = {40},
  number = {1},
  pages = {1--29},
  url = {http://www.jstatsoft.org/v40/i01/},
}

@Manual{qqplotr2018,
  title = {{ggplot2} Compatible Quantile-Quantile Plots in R},
  author = {Alexandre Almeida and Adam Loy and Heike Hofmann},
  journal = {The R Journal},
  url = {https://doi.org/10.32614/RJ-2018-051},
  year = {2018},
  pages = {248--261},
  volume = {10},
  number = {2},
}

@Book{rmarkdown2018,
  title = {R Markdown: The Definitive Guide},
  author = {Yihui Xie and J.J. Allaire and Garrett Grolemund},
  publisher = {Chapman and Hall/CRC},
  address = {Boca Raton, Florida},
  year = {2018},
  note = {ISBN 9781138359338},
  url = {https://bookdown.org/yihui/rmarkdown},
}

@Book{rmarkdown2020,
  title = {R Markdown Cookbook},
  author = {Yihui Xie and Christophe Dervieux and Emily Riederer},
  publisher = {Chapman and Hall/CRC},
  address = {Boca Raton, Florida},
  year = {2020},
  note = {ISBN 9780367563837},
  url = {https://bookdown.org/yihui/rmarkdown-cookbook},
}

@Article{sp2005,
  author = {Edzer J. Pebesma and Roger S. Bivand},
  title = {Classes and methods for spatial data in {R}},
  journal = {R News},
  year = {2005},
  volume = {5},
  number = {2},
  pages = {9--13},
  month = {November},
  url = {https://CRAN.R-project.org/doc/Rnews/},
}

@Book{sp2013,
  author = {Roger S. Bivand and Edzer Pebesma and Virgilio Gomez-Rubio},
  title = {Applied spatial data analysis with {R}, Second edition},
  year = {2013},
  publisher = {Springer, NY},
  url = {https://asdar-book.org/},
}

@Article{tidyverse2019,
  title = {Welcome to the {tidyverse}},
  author = {Hadley Wickham and Mara Averick and Jennifer Bryan and Winston Chang and Lucy D'Agostino McGowan and Romain François and Garrett Grolemund and Alex Hayes and Lionel Henry and Jim Hester and Max Kuhn and Thomas Lin Pedersen and Evan Miller and Stephan Milton Bache and Kirill Müller and Jeroen Ooms and David Robinson and Dana Paige Seidel and Vitalie Spinu and Kohske Takahashi and Davis Vaughan and Claus Wilke and Kara Woo and Hiroaki Yutani},
  year = {2019},
  journal = {Journal of Open Source Software},
  volume = {4},
  number = {43},
  pages = {1686},
  doi = {10.21105/joss.01686},
}

