@article{O_Neill_2018,
	doi = {10.1098/rsos.172036},
	url = {https://doi.org/10.1098%2Frsos.172036},
	year = 2018,
	month = {apr},
	publisher = {The Royal Society},
	volume = {5},
	number = {4},
	pages = {172036},
	author = {Louis G. O{\textquotesingle}Neill and Timothy H. Parker and Simon C. Griffith},
	title = {Nest size is predicted by female identity and the local environment in the blue tit (
		            Cyanistes caeruleus
		            ), but is not related to the nest size of the genetic or foster mother},
	journal = {Royal Society Open Science}
}

@article{Banner_2020,
	doi = {10.1111/2041-210x.13407},
	url = {https://doi.org/10.1111%2F2041-210x.13407},
	year = 2020,
	month = {jun},
	publisher = {Wiley},
	volume = {11},
	number = {8},
	pages = {882--889},
	author = {Katharine M. Banner and Kathryn M. Irvine and Thomas J. Rodhouse},
	editor = {Robert B. O{\textquotesingle}Hara},
	title = {The use of Bayesian priors in Ecology: The good, the bad and the not great},
	journal = {Methods in Ecology and Evolution}
}

@book{G_mez_Rubio_2020,
	doi = {10.1201/9781315175584},
	url = {https://doi.org/10.1201%2F9781315175584},
	year = 2020,
	month = {feb},
	publisher = {Chapman and Hall/{CRC}},
	author = {Virgilio G{\'{o}}mez-Rubio},
	title = {Bayesian Inference with {INLA}}
}

@book{Kruschke_2015,
	doi = {10.1016/c2012-0-00477-2},
	url = {https://doi.org/10.1016%2Fc2012-0-00477-2},
	year = 2015,
	publisher = {Elsevier},
	author = {John K. Kruschke},
	title = {Doing Bayesian Data Analysis}
}


@misc{Kruschke_2012,
	doi = {10.1037/e502412013-055},
	url = {https://doi.org/10.1037%2Fe502412013-055},
	year = 2012,
	publisher = {American Psychological Association ({APA})},
	author = {John K. Kruschke},
	title = {Bayesian Estimation Supersedes the t Test}
}

@book{McGrayne_2011,
year = 2011,
publisher = {Yale University Press},
author = {Sharon B. McGrayne},
title = {The theory that would not die: How Bayesâ€™ rule cracked the enigma code, hunted down Russian submarines, and emerged triumphant from two centuries of controversy}
}


@article{Rue_2009,
	doi = {10.1111/j.1467-9868.2008.00700.x},
	url = {https://doi.org/10.1111%2Fj.1467-9868.2008.00700.x},
	year = 2009,
	month = {apr},
	publisher = {Wiley},
	volume = {71},
	number = {2},
	pages = {319--392},
	author = {H{\aa}vard Rue and Sara Martino and Nicolas Chopin},
	title = {Approximate Bayesian inference for latent Gaussian models by using integrated nested Laplace approximations},
	journal = {Journal of the Royal Statistical Society: Series B (Statistical Methodology)}
}


@book{Wang_2018,
	doi = {10.1201/9781351165761},
	url = {https://doi.org/10.1201%2F9781351165761},
	year = 2018,
	month = {jan},
	publisher = {Chapman and Hall/{CRC}},
	author = {Xiaofeng Wang and Yuryan Yue and Julian J. Faraway},
	title = {Bayesian Regression Modeling with Inla}
}


@article{Zuur_2016,
	doi = {10.1111/2041-210x.12577},
	url = {https://doi.org/10.1111%2F2041-210x.12577},
	year = 2016,
	month = {jun},
	publisher = {Wiley},
	volume = {7},
	number = {6},
	pages = {636--645},
	author = {Alain F. Zuur and Elena N. Ieno},
	editor = {Robert Freckleton},
	title = {A protocol for conducting and presenting results of regression-type analyses},
	journal = {Methods in Ecology and Evolution}
}

@article{Zuur_2009,
	doi = {10.1111/j.2041-210x.2009.00001.x},
	url = {https://doi.org/10.1111%2Fj.2041-210x.2009.00001.x},
	year = 2009,
	month = {nov},
	publisher = {Wiley},
	volume = {1},
	number = {1},
	pages = {3--14},
	author = {Alain F. Zuur and Elena N. Ieno and Chris S. Elphick},
	title = {A protocol for data exploration to avoid common statistical problems},
	journal = {Methods in Ecology and Evolution}
}


@article{Grubbs_1950,
	doi = {10.1214/aoms/1177729885},
	url = {https://doi.org/10.1214%2Faoms%2F1177729885},
	year = 1950,
	month = {mar},
	publisher = {Institute of Mathematical Statistics},
	volume = {21},
	number = {1},
	pages = {27--58},
	author = {Frank E. Grubbs},
	title = {Sample Criteria for Testing Outlying Observations},
	journal = {The Annals of Mathematical Statistics}
}


@article{Giles_1983,
	doi = {10.1111/j.1469-7998.1983.tb05104.x},
	url = {https://doi.org/10.1111%2Fj.1469-7998.1983.tb05104.x},
	year = 1983,
	month = {may},
	publisher = {Wiley},
	volume = {199},
	number = {4},
	pages = {535--544},
	author = {N. Giles},
	title = {The possible role of environmental calcum levels during the evolution of phenotypic diversity in Outer Hebridean populations of the Three-spined stickleback, Gasterosteus aculeatus},
	journal = {Journal of Zoology}
}


@article{Morris_1956,
	doi = {10.1163/156853956x00156},
	url = {https://doi.org/10.1163%2F156853956x00156},
	year = 1956,
	publisher = {Brill},
	volume = {10},
	number = {1},
	pages = {205--236},
	author = {D. Morris and N. Tinbergen and R. Hoogland},
	title = {The Spines of Sticklebacks (Gasterosteus and Pygosteus) as Means of Defence Against Predators (Perca and Esox)},
	journal = {Behaviour}
}


@article{Lucek_2016,
	doi = {10.1002/ece3.2239},
	url = {https://doi.org/10.1002%2Fece3.2239},
	year = 2016,
	month = {jun},
	publisher = {Wiley},
	volume = {6},
	number = {15},
	pages = {5256--5272},
	author = {Kay Lucek and Bjarni K. Kristj{\'{a}}nsson and Sk{\'{u}}li Sk{\'{u}}lason and Ole Seehausen},
	title = {Ecosystem size matters: the dimensionality of intralacustrine diversification in Icelandic stickleback is predicted by lake size},
	journal = {Ecology and Evolution}
}


@article{MacColl_2012,
	doi = {10.1111/1365-2656.12028},
	url = {https://doi.org/10.1111%2F1365-2656.12028},
	year = 2012,
	month = {dec},
	publisher = {Wiley},
	volume = {82},
	number = {3},
	pages = {642--652},
	author = {Andrew D. C. MacColl and Aliya El Nagar and Job de Roij},
	editor = {Tom Webb},
	title = {The evolutionary ecology of dwarfism in three-spined sticklebacks},
	journal = {Journal of Animal Ecology}
}


@article{Magalhaes_2016,
	doi = {10.1111/mec.13746},
	url = {https://doi.org/10.1111%2Fmec.13746},
	year = 2016,
	month = {aug},
	publisher = {Wiley},
	volume = {25},
	number = {17},
	pages = {4319--4336},
	author = {Isabel S. Magalhaes and Daniele D{\textquotesingle}Agostino and Paul A. Hohenlohe and Andrew D. C. MacColl},
	title = {The ecology of an adaptive radiation of three-spined stickleback from North Uist, Scotland},
	journal = {Molecular Ecology}
}


@article{RAEYMAEKERS_2006,
	doi = {10.1111/j.1365-294x.2006.03190.x},
	url = {https://doi.org/10.1111%2Fj.1365-294x.2006.03190.x},
	year = 2006,
	month = {nov},
	publisher = {Wiley},
	volume = {16},
	number = {4},
	pages = {891--905},
	author = {Joost A. M. Raeymaekers and Jeroen K. J. Van Houdt and Maarten H. D. Larmuseau and Sarah Geldof and Filip A. M. Volckaert},
	title = {Divergent selection as revealed by {PST} and {QTL}-based {FST} in three-spined stickleback (Gasterosteus aculeatus) populations along a coastal-inland gradient},
	journal = {Molecular Ecology}
}


@incollection{Reimchen_1994,
year = 1994,
publisher = {Oxford University Press},
pages = {240--273},
author = {T.E Reimchen},
title = {Predators and evolution in threespine stickleback.},
booktitle = {The evolutionary biology of the threespine stickleback},
editor = {M.A Bell and S.A Foster}
}


@article{Smith_2020,
	doi = {10.1111/jzo.12766},
	url = {https://doi.org/10.1111%2Fjzo.12766},
	year = 2020,
	month = {feb},
	publisher = {Wiley},
	volume = {311},
	number = {1},
	pages = {13--22},
	author = {C. Smith and G. Zi{\k{e}}ba and R. Spence and T. Klepaker and M. Przybylski},
	title = {Three-spined stickleback armour predicted by body size, minimum winter temperature and {pH}},
	journal = {Journal of Zoology}
}

@article{Spence_2013,
	doi = {10.1002/ece3.581},
	url = {https://doi.org/10.1002%2Fece3.581},
	year = 2013,
	month = {may},
	publisher = {Wiley},
	volume = {3},
	number = {6},
	pages = {1717--1726},
	author = {Rowena Spence and Robert J. Wootton and Iain Barber and Miros{\l}aw Przybylski and Carl Smith},
	title = {Ecological causes of morphological evolution in the three-spined stickleback},
	journal = {Ecology and Evolution}
}

@book{Zuur_2017,
	year = 2017,
	publisher = {Highland Statistics Ltd.},
	author = {Alain F. Zuur and Elena N. Ieno and Anatoly A. Saveliev},
	title = {Spatial, temporal and spatial-temporal ecological data analysis with {R} - {INLA}. }
}

@book{Smith_etal_2020,
year = 2020,
publisher = {Amazon Publishing.},
author = {Carl Smith and Antonio Uzal and Mark Warren},
	title = {Statistics in {R} for biodiversity conservation.}
}

@article{Waheed_2015,
	doi = {10.1371/journal.pone.0146006},
	url = {https://doi.org/10.1371%2Fjournal.pone.0146006},
	year = 2015,
	month = {dec},
	publisher = {Public Library of Science ({PLoS})},
	volume = {10},
	number = {12},
	pages = {e0146006},
	author = {Zarinah Waheed and Harald G. J. van Mil and Muhammad Ali Syed Hussein and Robecca Jumin and Bobita Golam Ahad and Bert W. Hoeksema},
	editor = {Vincent Laudet},
	title = {Coral Reefs at the Northernmost Tip of Borneo: An Assessment of Scleractinian Species Richness Patterns and Benthic Reef Assemblages},
	journal = {{PLOS} {ONE}}
}

@article{Gelman_2008,
	doi = {10.1214/08-aoas191},
	url = {https://doi.org/10.1214%2F08-aoas191},
	year = 2008,
	month = {dec},
	publisher = {Institute of Mathematical Statistics},
	volume = {2},
	number = {4},
	author = {Andrew Gelman and Aleks Jakulin and Maria Grazia Pittau and Yu-Sung Su},
	title = {A weakly informative default prior distribution for logistic and other regression models},
	journal = {The Annals of Applied Statistics}
}

@article{_ulc_2020,
	doi = {10.25225/jvb.20027},
	url = {https://doi.org/10.25225%2Fjvb.20027},
	year = 2020,
	month = {may},
	publisher = {Institute of Vertebrate Biology, Academy of Sciences of the Czech Republic},
	volume = {69},
	number = {1},
	pages = {1},
	author = {Michal {\v{S}}ulc and Gabriela {\v{S}}t{\v{e}}tkov{\'{a}} and Petr Proch{\'{a}}zka and Milica Po{\v{z}}gayov{\'{a}} and Kate{\v{r}}ina Sosnovcov{\'{a}} and Jan Studeck{\'{y}} and Marcel Honza},
	title = {Caught on camera: circumstantial evidence for fatal mobbing of an avian brood parasite by a host},
	journal = {Journal of Vertebrate Biology}
}

@article{Benjamin_2017,
	doi = {10.1038/s41562-017-0189-z},
	url = {https://doi.org/10.1038%2Fs41562-017-0189-z},
	year = 2017,
	month = {sep},
	publisher = {Springer Science and Business Media {LLC}},
	volume = {2},
	number = {1},
	pages = {6--10},
	author = {Daniel J. Benjamin and James O. Berger and Magnus Johannesson and Brian A. Nosek and E.-J. Wagenmakers and Richard Berk and Kenneth A. Bollen and BjÃ¶rn Brembs and Lawrence Brown and Colin Camerer and David Cesarini and Christopher D. Chambers and Merlise Clyde and Thomas D. Cook and Paul De Boeck and Zoltan Dienes and Anna Dreber and Kenny Easwaran and Charles Efferson and Ernst Fehr and Fiona Fidler and Andy P. Field and Malcolm Forster and Edward I. George and Richard Gonzalez and Steven Goodman and Edwin Green and Donald P. Green and Anthony G. Greenwald and Jarrod D. Hadfield and Larry V. Hedges and Leonhard Held and Teck Hua Ho and Herbert Hoijtink and Daniel J. Hruschka and Kosuke Imai and Guido Imbens and John P. A. Ioannidis and Minjeong Jeon and James Holland Jones and Michael Kirchler and David Laibson and John List and Roderick Little and Arthur Lupia and Edouard Machery and Scott E. Maxwell and Michael McCarthy and Don A. Moore and Stephen L. Morgan and Marcus Munaf{\'{o}} and Shinichi Nakagawa and Brendan Nyhan and Timothy H. Parker and Luis Pericchi and Marco Perugini and Jeff Rouder and Judith Rousseau and Victoria Savalei and Felix D. SchÃ¶nbrodt and Thomas Sellke and Betsy Sinclair and Dustin Tingley and Trisha Van Zandt and Simine Vazire and Duncan J. Watts and Christopher Winship and Robert L. Wolpert and Yu Xie and Cristobal Young and Jonathan Zinman and Valen E. Johnson},
	title = {Redefine statistical significance},
	journal = {Nature Human Behaviour}
}

@article{Depaoli_2017,
	doi = {10.1080/17437199.2017.1343676},
	url = {https://doi.org/10.1080%2F17437199.2017.1343676},
	year = 2017,
	month = {jul},
	publisher = {Informa {UK} Limited},
	volume = {11},
	number = {3},
	pages = {248--264},
	author = {Sarah Depaoli and Holly M. Rus and James P. Clifton and Rens van de Schoot and Jitske Tiemensma},
	title = {An introduction to Bayesian statistics in health psychology},
	journal = {Health Psychology Review}
}

@book{2020_5998,
	doi = {10.4324/9780429273872},
	url = {https://doi.org/10.4324%2F9780429273872},
	year = 2020,
	month = {feb},
	publisher = {Routledge},
	editor = {Rens van de Schoot and Milica Mio{\v{c}}evi{\'{c}}},
	title = {Small Sample Size Solutions}
}


@incollection{Miocevic_2020,
year = 2020,
publisher = {Routledge},
doi = {10.4324/9780429273872},
pages = {13--29},
author = {M. Mio{\v{c}}evi{\'{c}}},
title = {The role of exchangeability in sequential updating of findings from small studies and the challenges of identifying exchangeable data sets.},
booktitle = {Small Sample Size Solutions},
editor = {Rens van de Schoot and Milica Mio{\v{c}}evi{\'{c}}}
}

@book{Spiegelhalter_2003,
	doi = {10.1002/0470092602},
	url = {https://doi.org/10.1002%2F0470092602},
	year = 2003,
	month = {dec},
	publisher = {John Wiley {\&} Sons, Ltd},
	author = {David J. Spiegelhalter and Keith R. Abrams and Jonathan P. Myles},
	title = {Bayesian Approaches to Clinical Trials and Health-Care Evaluation}
}

